
@article{zhou2015c,
  title={A C-LSTM neural network for text classification},
  author={Zhou, Chunting and Sun, Chonglin and Liu, Zhiyuan and Lau, Francis},
  journal={arXiv preprint arXiv:1511.08630},
  year={2015},
  arxiv={abs/1511.08630},
  url={https://arxiv.org/abs/1511.08630}
}
@misc{variancescaling,
  title={VarianceScaling},
  url={https://keras.rstudio.com/reference/initializer_variance_scaling.html},
  urldate={2020-07-23}
}
@misc{regularizer,
  title={Regularizer},
  url={https://keras.io/api/layers/regularizers/},
  urldate={2020-07-23}
}
@misc{lrelu,
  title={LeakyRelu},
  url={https://keras.io/api/layers/activation_layers/leaky_relu/},
  urldate={2020-07-23}
}
@misc{strides,
  title={Strides},
  url={https://keras.io/api/layers/convolution_layers/convolution2d/},
  urldate={2020-07-23}
}
@inproceedings{Lai2015RecurrentCN,
  title={Recurrent Convolutional Neural Networks for Text Classification},
  author={Siwei Lai and Liheng Xu and Kang Liu and Jun Zhao},
  booktitle={AAAI},
  year={2015}
}
@article{Wang2019ConvolutionalRN,
  title={Convolutional Recurrent Neural Networks for Text Classification},
  author={Ruishuang Wang and Zhenwei Li and Jian Cao and Tong Chen and Lei Wang},
  journal={2019 International Joint Conference on Neural Networks (IJCNN)},
  year={2019},
  pages={1-6}
}
@article{Hochreiter1997LongSM,
  title={Long Short-Term Memory},
  author={Sepp Hochreiter and J{\"u}rgen Schmidhuber},
  journal={Neural Computation},
  year={1997},
  volume={9},
  pages={1735-1780}
}
@misc{conv1d,
  title={1D convolution layer},
  url={https://keras.rstudio.com/reference/layer_conv_1d.html},
  urldate={2020-07-25}
}
@misc{conv1dlayer,
  title={Conv1D layer},
  url={https://keras.io/api/layers/convolution_layers/convolution1d/},
  urldate={2020-07-25}
}
@inproceedings{Ren2016ContextSensitiveTS,
  title={Context-Sensitive Twitter Sentiment Classification Using Neural Network},
  author={Yafeng Ren and Yue Zhang and Meishan Zhang and Donghong Ji},
  booktitle={AAAI},
  year={2016}
}
@article{Ilmania2018AspectDA,
  title={Aspect Detection and Sentiment Classification Using Deep Neural Network for Indonesian Aspect-Based Sentiment Analysis},
  author={Arfinda Ilmania and Firman Abdurrahman and Samuel Cahyawijaya and Ayu Purwarianti},
  journal={2018 International Conference on Asian Language Processing (IALP)},
  year={2018},
  pages={62-67}
}
@article{Kim2019SentimentCU,
  title={Sentiment Classification Using Convolutional Neural Networks},
  author={Hannah Kim and Young-Seob Jeong},
  journal={Applied Sciences},
  year={2019},
  volume={9},
  pages={2347}
}
@article{Ouyang2015SentimentAU,
  title={Sentiment Analysis Using Convolutional Neural Network},
  author={Xi Ouyang and Pan Zhou and Cheng Hua Li and Lijun Liu},
  journal={2015 IEEE International Conference on Computer and Information Technology; Ubiquitous Computing and Communications; Dependable, Autonomic and Secure Computing; Pervasive Intelligence and Computing},
  year={2015},
  pages={2359-2364}
}
@article{Chen2017ImprovingSA,
  title={Improving sentiment analysis via sentence type classification using BiLSTM-CRF and CNN},
  author={Tao Chen and Ruifeng Xu and Yulan He and Xuan Wang},
  journal={Expert Syst. Appl.},
  year={2017},
  volume={72},
  pages={221-230}
}
@inproceedings{Glorot2011DomainAF,
  title={Domain Adaptation for Large-Scale Sentiment Classification: A Deep Learning Approach},
  author={Xavier Glorot and Antoine Bordes and Yoshua Bengio},
  booktitle={ICML},
  year={2011}
}
@inproceedings{Tang2014CoooolllAD,
  title={Coooolll: A Deep Learning System for Twitter Sentiment Classification},
  author={Duyu Tang and Furu Wei and Bing Qin and Ting Liu and Ming Zhou},
  booktitle={SemEval@COLING},
  year={2014}
}
@inproceedings{Severyn2015UNITNTD,
  title={UNITN: Training Deep Convolutional Neural Network for Twitter Sentiment Classification},
  author={Aliaksei Severyn and Alessandro Moschitti},
  booktitle={SemEval@NAACL-HLT},
  year={2015}
}
@article{Salur2020ANH,
  title={A Novel Hybrid Deep Learning Model for Sentiment Classification},
  author={Mehmet Umut Salur and Ilhan Aydin},
  journal={IEEE Access},
  year={2020},
  volume={8},
  pages={58080-58093}
}
@article{Uysal2017SentimentCF,
  title={Sentiment Classification: Feature Selection Based Approaches Versus Deep Learning},
  author={Alper Kursat Uysal and Yi Lu Murphey},
  journal={2017 IEEE International Conference on Computer and Information Technology (CIT)},
  year={2017},
  pages={23-30}
}
@article{Zhang2018DeepLF,
  title={Deep Learning for Sentiment Analysis : A Survey},
  author={Lei Johnny Zhang and Shuai Wang and Bing Liu},
  journal={ArXiv},
  year={2018},
  volume={abs/1801.07883}
}
@article{Moraes2013DocumentlevelSC,
  title={Document-level sentiment classification: An empirical comparison between SVM and ANN},
  author={Rodrigo Fracalossi de Moraes and Jo{\~a}o Francisco Valiati and Wilson P. Gavi{\~a}o Neto},
  journal={Expert Syst. Appl.},
  year={2013},
  volume={40},
  pages={621-633}
}
@article{Le2014DistributedRO,
  title={Distributed Representations of Sentences and Documents},
  author={Quoc V. Le and Tomas Mikolov},
  journal={ArXiv},
  year={2014},
  volume={abs/1405.4053}
}
@inproceedings{Tang2015DocumentMW,
  title={Document Modeling with Gated Recurrent Neural Network for Sentiment Classification},
  author={Duyu Tang and Bing Qin and Ting Liu},
  booktitle={EMNLP},
  year={2015}
}
@inproceedings{Xu2016CachedLS,
  title={Cached Long Short-Term Memory Neural Networks for Document-Level Sentiment Classification},
  author={Jiacheng Xu and Danlu Chen and Xipeng Qiu and Xuanjing Huang},
  booktitle={EMNLP},
  year={2016}
}
@article{Dang2020SentimentAB,
  title={Sentiment Analysis Based on Deep Learning: A Comparative Study},
  author={Nhan Cach Dang and Mar{\'i}a N. Moreno Garc{\'i}a and Fernando de la Prieta},
  journal={ArXiv},
  year={2020},
  volume={abs/2006.03541}
}
@article{Seo2020ComparativeSO,
  title={Comparative Study of Deep Learning-Based Sentiment Classification},
  author={Seungwan Seo and CzangYeob Kim and Haedong Kim and Kyounghyun Mo and Pilsung Kang},
  journal={IEEE Access},
  year={2020},
  volume={8},
  pages={6861-6875}
}
@misc{amazondata,
  title={Amazon Data},
  url={http://jmcauley.ucsd.edu/data/amazon/},
  urldate={2020-08-01}
}
@article{Salur2020ANH,
  title={A Novel Hybrid Deep Learning Model for Sentiment Classification},
  author={Mehmet Umut Salur and Ilhan Aydin},
  journal={IEEE Access},
  year={2020},
  volume={8},
  pages={58080-58093}
}
@inproceedings{Zhang2015CharacterlevelCN,
  title={Character-level Convolutional Networks for Text Classification},
  author={Xiang Zhang and Junbo Jake Zhao and Yann LeCun},
  booktitle={NIPS},
  year={2015}
}
@misc{chaitjo,
  title={character-level-cnn},
  url={https://github.com/chaitjo/character-level-cnn},
  urldate={2020-08-01}
}
@inproceedings{Kim2016CharacterAwareNL,
  title={Character-Aware Neural Language Models},
  author={Yoon Kim and Yacine Jernite and David A Sontag and Alexander M. Rush},
  booktitle={AAAI},
  year={2016}
}
@article{Zulqarnain2020AnID,
  title={An Improved Deep Learning Approach based on Variant Two-State Gated Recurrent Unit and Word Embeddings for Sentiment Classification},
  author={Muhammad Zulqarnain and Suhaimi Abd Ishak and Rozaida Ghazali and Nazri Mohd Nawi and Muhammad Aamir and Yana Mazwin Mohmad Hassim},
  journal={International Journal of Advanced Computer Science and Applications},
  year={2020},
  volume={11}
}
@article{jkmn,
  title={A DEEP LEARNING MODEL TO PREDICT CONGRESSIONAL ROLL CALL VOTES FROM LEGISLATIVE TEXTS},
  author={Jonathan Wayne Korn and Mark A.Newman},
  journal={Machine Learning And Applications: An International Journal (MLAIJ)},
  year={2020},
  volume={7}
}